<record><leader>00000cas a22000007a 4500</leader><controlfield tag="001">11128423</controlfield><controlfield tag="008">840907d19301930ohudr ne      0    0eng d</controlfield><controlfield tag="009">3783</controlfield><datafield ind1=" " ind2=" " tag="010"><subfield code="a">sn 84028499 </subfield></datafield><datafield ind1=" " ind2=" " tag="040"><subfield code="a">NPY</subfield><subfield code="b">eng</subfield><subfield code="c">NPY</subfield><subfield code="d">DLC</subfield><subfield code="d">ONP</subfield><subfield code="d">OCL</subfield><subfield code="d">ONP</subfield><subfield code="d">OCLCQ</subfield></datafield><datafield ind1=" " ind2=" " tag="019"><subfield code="a">11128278</subfield></datafield><datafield ind1="1" ind2=" " tag="029"><subfield code="a">AU@</subfield><subfield code="b">000025795538</subfield></datafield><datafield ind1=" " ind2=" " tag="042"><subfield code="a">msc</subfield></datafield><datafield ind1="0" ind2="4" tag="245"><subfield code="a">The Evening repository and the Canton daily news.</subfield></datafield><datafield ind1="3" ind2="0" tag="246"><subfield code="a">Sunday repository and the Canton daily news</subfield></datafield><datafield ind1=" " ind2=" " tag="260"><subfield code="a">Canton, Ohio :</subfield><subfield code="b">Repository Print. Co.,</subfield><subfield code="c">1930.</subfield></datafield><datafield ind1=" " ind2=" " tag="300"><subfield code="a">v.</subfield></datafield><datafield ind1=" " ind2=" " tag="310"><subfield code="a">Daily</subfield></datafield><datafield ind1="0" ind2=" " tag="362"><subfield code="a">No. 16475 (July 5, 1930)-no. 16561 (Oct. 14, 1930).</subfield></datafield><datafield ind1=" " ind2=" " tag="580"><subfield code="a">Published on Sundays as: Sunday repository and the Canton daily news.</subfield></datafield><datafield ind1=" " ind2="4" tag="651"><subfield code="a">Canton (Ohio)</subfield><subfield code="v">Newspapers.</subfield></datafield><datafield ind1=" " ind2="4" tag="651"><subfield code="a">Stark County (Ohio)</subfield><subfield code="v">Newspapers.</subfield></datafield><datafield ind1=" " ind2=" " tag="752"><subfield code="a">United States</subfield><subfield code="b">Ohio</subfield><subfield code="c">Stark</subfield><subfield code="d">Canton.</subfield></datafield><datafield ind1="0" ind2="4" tag="780"><subfield code="t">Evening repository</subfield><subfield code="w">(DLC)sn 84024564</subfield></datafield><datafield ind1="0" ind2="4" tag="780"><subfield code="t">Canton daily news</subfield><subfield code="w">(DLC)sn 84028495</subfield></datafield><datafield ind1="0" ind2="0" tag="785"><subfield code="t">Canton repository and the Canton daily news</subfield><subfield code="w">(DLC)sn 84028500</subfield></datafield></record>